# time (ns), avg lat over the past second, tput since last line, total count, totalOrs, avg commit lat over the past second
1664217756229233000 5.344832 1873.549444 1871 10 5.344832
1664217757238770000 5.393125 1852.374527 1870 10 5.393125
1664217758246193000 5.439251 1836.408679 1850 10 5.439251
1664217759255883000 5.449268 1833.273628 1851 10 5.449268
1664217760264939000 5.418914 1843.347574 1860 10 5.418914
1664217761277358000 5.436851 1837.223175 1860 10 5.436851
1664217762293757000 5.428679 1831.012373 1861 10 5.428679
1664217763303929000 5.397172 1860.119239 1879 10 5.397172
1664217764308400000 5.366858 1861.716968 1870 10 5.366858
1664217765316962000 5.388111 1854.164061 1870 10 5.388111
1664217766329276000 5.435882 1837.413797 1860 10 5.435882
1664217767339245000 5.423686 1841.679734 1860 10 5.423686
1664217768352844000 5.443319 1835.085201 1860 10 5.443319
1664217769360887000 5.442676 1835.278839 1850 10 5.442676
1664217770372827000 5.434170 1838.093947 1860 10 5.434170
1664217771380819000 5.384280 1855.213058 1870 10 5.384280
1664217772390468000 5.451421 1832.359323 1850 10 5.451421
1664217773401581000 5.401411 1849.485642 1870 10 5.401411
1664217774412481000 5.400225 1849.877548 1870 10 5.400225
1664217775425171000 5.410013 1846.605754 1870 10 5.410013
1664217776431222000 5.432069 1838.912653 1850 10 5.432069
1664217777442798000 5.403362 1848.640261 1870 10 5.403362
1664217778451118000 5.444600 1834.773474 1850 9 5.444600
1664217779464634000 5.413811 1845.101963 1870 10 5.413811
1664217780474118000 5.392984 1852.471968 1870 10 5.392984
1664217781488066000 5.388283 1854.178117 1880 10 5.388283
1664217782498219000 5.368525 1861.143068 1880 10 5.368525
1664217783506442000 5.386064 1854.788034 1870 10 5.386064
1664217784518635000 5.379521 1857.394511 1880 10 5.379521
1664217785532444000 5.387258 1854.432608 1880 10 5.387258
1664217786545041000 5.437951 1836.900542 1860 10 5.437951
1664217787553067000 5.413979 1845.228481 1860 10 5.413979
1664217788563217000 5.396305 1851.250903 1870 10 5.396305
1664217789575261000 5.377290 1857.665672 1880 10 5.377290
1664217790586908000 5.433000 1838.626722 1860 10 5.433000
1664217791602386000 5.395769 1851.384458 1880 10 5.395769
1664217792611650000 5.419860 1842.965209 1860 10 5.419860
1664217793629767000 5.438312 1836.765012 1870 10 5.438312
1664217794647045000 5.434304 1838.278168 1870 10 5.434304
1664217795660598000 5.385749 1854.900497 1880 10 5.385749
1664217796676466000 5.426344 1840.828965 1870 10 5.426344
1664217797691383000 5.421589 1842.555219 1870 10 5.421589
1664217798728025000 5.420724 1842.527178 1910 10 5.420724
1664217799741565000 5.385674 1854.924191 1880 10 5.385674
1664217800760780000 5.387514 1854.408337 1890 10 5.387514
1664217801771117000 5.368898 1860.805326 1880 10 5.368898
1664217802781210000 5.367859 1861.253575 1880 10 5.367859
1664217803788011000 5.378921 1857.409476 1870 10 5.378921
1664217804800897000 5.354543 1865.994324 1890 10 5.354543
1664217805808784000 5.356444 1865.329284 1880 10 5.356444
1664217806818673000 5.367140 1861.630528 1880 10 5.367140
1664217807830546000 5.348814 1867.862780 1890 10 5.348814
1664217808843141000 5.352932 1866.532166 1890 10 5.352932
1664217809847696000 5.395805 1851.604671 1860 10 5.395805
1664217810866249000 5.384443 1855.613363 1890 10 5.384443
1664217811875442000 5.390975 1853.006482 1870 10 5.390975
1664217812889575000 5.360719 1863.700357 1890 10 5.360719
1664217813898011000 5.417594 1844.479591 1860 10 5.417594
1664217814904802000 5.379653 1857.425368 1870 10 5.379653
1664217815916816000 5.433974 1838.948007 1861 10 5.433974
1664217816921299000 5.396439 1851.738589 1860 10 5.396439
1664217817931733000 5.370123 1860.625964 1880 10 5.370123
1664217818942426000 5.398907 1850.255203 1870 10 5.398907
1664217819948970000 5.377661 1857.883261 1870 10 5.377661
1664217820961387000 5.408842 1847.102932 1870 10 5.408842
1664217821969632000 5.386402 1854.747852 1870 10 5.386402
1664217822987333000 5.380012 1857.167613 1890 10 5.380012
1664217824001057000 5.358551 1864.453182 1890 10 5.358551
1664217825015280000 5.390063 1853.674082 1880 10 5.390063
1664217826032650000 5.321154 1877.430121 1910 10 5.321154
1664217827049677000 5.404525 1848.565081 1880 10 5.404525
1664217828059526000 5.423588 1841.899893 1860 10 5.423588
1664217829078963000 5.305325 1883.431701 1920 10 5.305325
1664217830094338000 5.339335 1871.271211 1900 10 5.339335
1664217831113549000 5.387749 1854.414576 1890 10 5.387749
1664217832123773000 5.368568 1861.012506 1880 10 5.368568
1664217833133369000 5.394179 1852.266878 1870 10 5.394179
1664217834144030000 5.371008 1860.207743 1880 10 5.371008
1664217835149609000 5.372667 1859.666148 1870 10 5.372667
1664217836158648000 5.390356 1853.286859 1870 10 5.390356
1664217837172833000 5.362068 1863.606051 1890 10 5.362068
1664217838180841000 5.414120 1845.263744 1860 10 5.414120
1664217839190077000 5.363675 1862.833525 1880 10 5.363675
1664217840195003000 5.397017 1850.922589 1860 10 5.397017
1664217841206264000 5.402369 1849.216564 1870 10 5.402369
